<record><leader>00000cas a22000007a 4500</leader><controlfield tag="001">14906680</controlfield><controlfield tag="008">861201d18901891ksuwr ne      0    0eng d</controlfield><datafield ind1=" " ind2=" " tag="010"><subfield code="a">sn 86064523 </subfield></datafield><datafield ind1=" " ind2=" " tag="040"><subfield code="a">KSH</subfield><subfield code="b">eng</subfield><subfield code="c">KSH</subfield><subfield code="d">NPT</subfield><subfield code="d">OCL</subfield><subfield code="d">OCLCQ</subfield></datafield><datafield ind1=" " ind2=" " tag="042"><subfield code="a">msc</subfield></datafield><datafield ind1="0" ind2=" " tag="130"><subfield code="a">Review-headlight (Ellis, Kan. : 1890)</subfield></datafield><datafield ind1="1" ind2="4" tag="245"><subfield code="a">The review-headlight.</subfield></datafield><datafield ind1=" " ind2=" " tag="260"><subfield code="a">Ellis, Kan. :</subfield><subfield code="b">Frank J. Brettle,</subfield><subfield code="c">1890-1891.</subfield></datafield><datafield ind1=" " ind2=" " tag="300"><subfield code="a">1 v. ;</subfield><subfield code="c">59 cm.</subfield></datafield><datafield ind1=" " ind2=" " tag="310"><subfield code="a">Weekly</subfield></datafield><datafield ind1="0" ind2=" " tag="362"><subfield code="a">Vol. 6, no. 5 (Dec. 5, 1890)-v. 6, no. 18 (Feb. 20, 1891).</subfield></datafield><datafield ind1=" " ind2=" " tag="752"><subfield code="a">United States</subfield><subfield code="b">Kansas</subfield><subfield code="c">Ellis</subfield><subfield code="d">Ellis.</subfield></datafield><datafield ind1="0" ind2="4" tag="780"><subfield code="t">Ellis review</subfield><subfield code="w">(DLC)sn 84029679</subfield></datafield><datafield ind1="0" ind2="4" tag="780"><subfield code="t">Ellis headlight</subfield><subfield code="w">(DLC)sn 84029678</subfield></datafield><datafield ind1="0" ind2="0" tag="785"><subfield code="t">Ellis review-headlight (Ellis, Kan. : 1891)</subfield><subfield code="w">(DLC)sn 84029680</subfield></datafield></record>